@article{forbesrappibanorte,
  author = {Forbes México},
  title = {“Hay mercado para todos”, dice RappiCard sobre el banco digital de Banorte},
  journal = {Forbes México},
  year = {2024},
  url = {https://forbes.com.mx/hay-mercado-para-todos-dice-rappicard-sobre-el-banco-digital-de-banorte/}
}

@article{fintechexpertrappicardmorosidad,
  author = {Fintech Expert},
  title = {Efecto Fintech: El impacto de RappiCard en el mercado financiero},
  journal = {Fintech Expert},
  year = {2024},
  url = {https://www.fintechexpert.mx/p/efecto-fintech-el-impacto-de-rappicard}
}

@article{forbes_cartera_2024,
  author = {Forbes México},
  title = {RappiCard supera los 5,000 millones de pesos en cartera de crédito},
  year = {2024},
  url = {https://www.forbes.com.mx/ad-rappicard-supera-5000-millones-pesos-cartera-credito/}
}

@article{expansion_millon_2024,
  author = {Expansión Digital},
  title = {RappiCard alcanza los 5,107 millones de pesos en su cartera de crédito},
  year = {2024},
  url = {https://expansion.mx/economia/2024/09/18/rappicard-alcanza-5107-mdp-cartera-de-credito}
}

@article{chocale_millon_2024,
  author = {José Ignacio Stark},
  title = {RappiCard logra rentabilidad y supera el millón de clientes en México: José Antonio Murillo},
  year = {2024},
  url = {https://chocale.mx/2024/05/rappicard-tarjeta-de-credito-1-millon-de-clientes-mexico/}
}

@article{dock2024,
  author = {Dock},
  title = {El ecosistema de fintechs en México ha crecido notablemente},
  year = {2024},
  url = {https://dock.tech/es/fluid/blog/financiero/servicos-financeiros-en-mexico}
}

@article{uflow2024,
  author = {UFlow},
  title = {El crecimiento del mercado crediticio en México y la influencia de las fintech},
  year = {2024},
  url = {https://uflow.biz/blog/el-crecimiento-del-mercado-crediticio-en-mexico-y-la-influencia-de-las-fintech}
}

@article{reporteindigo2024,
  author = {Reporte Índigo},
  title = {El mercado de fintechs en México ha madurado: Finnovista},
  year = {2024},
  url = {https://www.reporteindigo.com/dinero/El-mercado-de-fintechs-en-Mexico-ha-madurado-Finnovista-20250225-0175.html}
}

@article{elfinanciero2024,
  author = {El Financiero},
  title = {México, un mercado atractivo para las fintechs},
  year = {2024},
  url = {https://www.elfinanciero.com.mx/bloomberg/2024/12/22/hay-tiro-mercado-pago-y-nu-se-alistan-para-dominar-el-mercado-fintech-en-america-latina}
}

@article{santander2024,
  author = {Santander},
  title = {El horizonte de las fintech en México},
  year = {2024},
  url = {https://www.santander.com/es/sala-de-comunicacion/insights/el-horizonte-de-las-fintech-en-mexico}
}

@article{inegi2021,
  author = {INEGI},
  title = {Encuesta Nacional de Inclusión Financiera 2021},
  year = {2021},
  url = {https://www.inegi.org.mx/contenidos/saladeprensa/boletines/2022/enif/ENIF21.pdf}
}

@article{finnovating2024,
  author = {Finnovating},
  title = {El sector fintech de México: principales startups y tendencias},
  year = {2024},
  url = {https://finnovating.com/news/el-sector-fintech-de-mexico-principales-startups-y-tendencias}
}

@misc{cnbv_inclusion_2024,
  author       = {Comisión Nacional Bancaria y de Valores (CNBV)},
  title        = {Bases de Datos de Inclusión Financiera},
  year         = {2024},
  howpublished = {\url{https://www.gob.mx/cnbv/acciones-y-programas/bases-de-datos-de-inclusion-financiera}},
  note         = {Consultado en marzo de 2025}
}

@inproceedings{bayeh2024gr,
  author    = {Ali Bayeh and Malek Mouhoub and Samira Sadaoui},
  title     = {Geometrical Realization for Time Series Forecasting},
  booktitle = {Proceedings of the 36th International Conference on Industrial, Engineering & Other Applications of Applied Intelligent Systems (IEA/AIE)},
  year      = {2024},
  publisher = {Springer},
  series    = {Lecture Notes in Computer Science},
  address   = {Regina, Canada},
  doi       = {10.1007/978-3-031-50724-1_23},
  url       = {https://link.springer.com/chapter/10.1007/978-3-031-50724-1_23}
}
